Ticker,Report Date,Total Revenue,Gross Profit,Operating Income,Net Income,Year
CPRT,2025-07-31,4.65,2.1,1.7,1.55,0.0
CVS,2024-12-31,372.81,51.4,9.8,4.61,0.0
A,2024-10-31,6.51,3.54,1.49,1.29,0.0
BX,2024-12-31,10.93,,,2.78,0.0
ROP,2024-12-31,7.04,4.88,2.0,1.55,0.0
MAA,2024-12-31,2.19,0.71,0.66,0.53,0.0
JBHT,2024-12-31,12.09,2.06,0.83,0.57,0.0
DIS,2024-09-30,91.36,32.66,11.91,4.97,0.0
ODFL,2024-12-31,5.81,2.02,1.54,1.19,0.0
BG,2024-12-31,53.11,3.39,1.62,1.14,0.0
EQT,2024-12-31,5.22,0.77,0.28,0.23,0.0
ZBRA,2024-12-31,4.98,2.41,0.76,0.53,0.0
GDDY,2024-12-31,4.57,2.92,0.93,0.94,0.0
ACN,2024-08-31,64.9,21.16,9.6,7.26,0.0
HSY,2024-12-31,11.2,5.3,2.93,2.22,0.0
EQR,2024-12-31,2.98,1.89,0.87,1.04,0.0
NTRS,2024-12-31,8.29,,,2.03,0.0
PSX,2024-12-31,143.15,10.83,1.75,2.12,0.0
MPC,2024-12-31,138.86,9.29,5.25,3.44,0.0
MU,2024-08-31,25.11,5.61,1.25,0.78,0.0
HLT,2024-12-31,11.17,3.06,2.37,1.54,0.0
SOLV,2024-12-31,8.25,4.59,1.04,0.48,0.0
SYY,2025-06-30,81.37,14.97,3.09,1.83,0.0
SLB,2024-12-31,36.29,7.46,6.33,4.46,0.0
UPS,2024-12-31,91.07,16.36,8.47,5.78,0.0
BLDR,2024-12-31,16.4,5.38,1.6,1.08,0.0
UDR,2024-12-31,1.67,0.42,0.28,0.09,0.0
D,2024-12-31,14.46,6.92,3.85,2.12,0.0
AZO,2025-08-31,,,,,0.0
ETR,2024-12-31,11.88,5.74,2.76,1.06,0.0
MA,2024-12-31,28.17,21.49,16.33,12.87,0.0
AMD,2024-12-31,25.78,12.72,2.09,1.64,0.0
HSIC,2024-12-31,12.67,4.02,0.73,0.39,0.0
EOG,2024-12-31,23.38,15.98,8.25,6.4,0.0
BEN,2024-09-30,8.48,6.79,1.16,0.46,0.0
XEL,2024-12-31,13.44,6.15,2.39,1.94,0.0
RSG,2024-12-31,16.03,6.68,3.22,2.04,0.0
JNJ,2024-12-31,88.82,61.35,22.15,14.07,0.0
NDAQ,2024-12-31,7.4,2.99,1.95,1.12,0.0
ENPH,2024-12-31,1.33,0.63,0.09,0.1,0.0
CTVA,2024-12-31,16.91,7.38,2.1,0.91,0.0
SYK,2024-12-31,22.6,14.44,4.67,2.99,0.0
CCL,2024-11-30,25.02,9.38,3.57,1.92,0.0
EMR,2024-09-30,17.49,8.88,2.67,1.97,0.0
CSGP,2024-12-31,2.74,2.18,0.0,0.14,0.0
PWR,2024-12-31,23.67,3.51,1.3,0.9,0.0
INTU,2025-07-31,18.83,14.98,4.94,3.87,0.0
TPR,2025-06-30,7.01,5.29,1.27,0.18,0.0
CAG,2025-05-31,11.61,3.0,1.47,1.15,0.0
J,2024-09-30,11.5,2.83,0.69,0.81,0.0
STZ,2025-02-28,10.21,5.31,3.36,-0.08,0.0
WAB,2024-12-31,10.39,3.37,1.61,1.06,0.0
GS,2024-12-31,53.51,,,14.28,0.0
ACGL,2024-12-31,16.93,,,4.31,0.0
ANET,2024-12-31,7.0,4.49,2.94,2.85,0.0
CHTR,2024-12-31,55.08,30.78,13.24,5.08,0.0
GIS,2025-05-31,19.49,6.73,3.29,2.3,0.0
SW,2024-12-31,21.11,4.2,1.4,0.32,0.0
KR,2025-01-31,147.12,33.4,3.85,2.66,0.0
KMI,2024-12-31,15.1,8.41,4.38,2.61,0.0
TMUS,2024-12-31,81.4,51.75,18.01,11.34,0.0
ADM,2024-12-31,85.53,5.78,2.07,1.8,0.0
NI,2024-12-31,5.46,2.81,1.46,0.76,0.0
SNPS,2024-10-31,6.13,4.88,1.36,2.26,0.0
CTRA,2024-12-31,5.46,2.0,1.39,1.12,0.0
DHR,2024-12-31,23.88,14.21,4.86,3.9,0.0
BRO,2024-12-31,4.7,2.3,1.37,0.99,0.0
ES,2024-12-31,11.9,6.15,2.71,0.81,0.0
AON,2024-12-31,15.7,7.42,4.18,2.65,0.0
CAT,2024-12-31,64.81,23.32,13.07,10.79,0.0
DOV,2024-12-31,7.75,2.96,1.21,2.7,0.0
ULTA,2025-01-31,11.3,4.39,1.58,1.2,0.0
PEP,2024-12-31,91.85,50.11,12.92,9.58,0.0
MTD,2024-12-31,3.87,2.33,1.13,0.86,0.0
FIS,2024-12-31,10.13,3.8,1.76,1.45,0.0
GRMN,2024-12-31,6.3,3.7,1.59,1.41,0.0
RL,2025-03-31,7.08,4.85,0.99,0.74,0.0
IVZ,2024-12-31,6.07,2.03,0.83,0.77,0.0
KKR,2024-12-31,21.64,3.84,0.93,3.08,0.0
CF,2024-12-31,5.94,2.06,1.71,1.22,0.0
COP,2024-12-31,54.74,16.38,12.78,9.24,0.0
FTV,2024-12-31,6.23,3.73,1.14,0.83,0.0
VLTO,2024-12-31,5.19,3.1,1.21,0.83,0.0
EPAM,2024-12-31,4.73,1.45,0.54,0.45,0.0
PNW,2024-12-31,5.12,2.14,1.01,0.61,0.0
HAS,2024-12-31,4.14,2.67,0.73,0.39,0.0
MOH,2024-12-31,40.65,4.74,1.71,1.18,0.0
SNA,2024-12-31,5.11,2.65,1.35,1.04,0.0
COR,2024-09-30,293.96,9.91,3.16,1.51,0.0
TSLA,2024-12-31,97.69,17.45,7.76,7.13,0.0
EMN,2024-12-31,9.38,2.29,1.38,0.9,0.0
AMZN,2024-12-31,637.96,311.67,68.59,59.25,0.0
INVH,2024-12-31,2.62,1.55,0.74,0.45,0.0
VMC,2024-12-31,7.42,2.0,1.4,0.91,0.0
LVS,2024-12-31,11.3,5.52,2.47,1.45,0.0
PG,2025-06-30,84.28,43.12,20.45,15.97,0.0
EW,2024-12-31,5.44,4.32,1.48,4.17,0.0
EXE,2024-12-31,4.22,1.14,-0.7,-0.71,0.0
CNC,2024-12-31,163.07,16.83,3.19,3.3,0.0
GPN,2024-12-31,10.11,6.35,2.06,1.57,0.0
CRM,2025-01-31,37.9,29.25,7.67,6.2,0.0
CDW,2024-12-31,21.0,4.6,1.65,1.08,0.0
KLAC,2025-06-30,12.16,7.4,5.01,4.06,0.0
DECK,2025-03-31,4.99,2.89,1.18,0.97,0.0
TDY,2024-12-31,5.67,2.43,1.04,0.82,0.0
CBOE,2024-12-31,4.09,2.07,1.18,0.76,0.0
MGM,2024-12-31,17.24,7.85,1.67,0.75,0.0
XYZ,2024-12-31,24.12,8.89,1.69,2.9,0.0
KMB,2024-12-31,20.06,7.18,3.31,2.54,0.0
UNH,2024-12-31,400.28,89.4,32.29,14.4,0.0
USB,2024-12-31,27.34,,,6.3,0.0
AOS,2024-12-31,3.82,1.46,0.72,0.53,0.0
AMGN,2024-12-31,33.42,20.57,7.26,4.09,0.0
META,2024-12-31,164.5,134.34,69.38,62.36,0.0
PHM,2024-12-31,17.95,5.22,3.89,3.08,0.0
AVB,2024-12-31,2.91,1.84,0.92,1.08,0.0
FICO,2024-09-30,1.72,1.37,0.73,0.51,0.0
F,2024-12-31,184.99,15.51,5.22,5.88,0.0
IP,2024-12-31,18.62,5.24,0.48,0.56,0.0
L,2024-12-31,17.24,,,1.41,0.0
SO,2024-12-31,26.72,13.34,7.07,4.4,0.0
DRI,2025-05-31,12.08,2.64,1.44,1.05,0.0
ABBV,2024-12-31,56.33,39.43,11.89,4.28,0.0
IFF,2024-12-31,11.48,4.12,0.85,0.24,0.0
EXPD,2024-12-31,10.6,1.35,1.04,0.81,0.0
CSCO,2025-07-31,56.65,36.79,12.5,10.18,0.0
OKE,2024-12-31,21.7,7.25,5.06,3.04,0.0
FE,2024-12-31,13.47,9.1,2.38,0.98,0.0
RTX,2024-12-31,80.74,15.41,6.54,4.77,0.0
TKO,2024-12-31,2.8,1.9,0.28,0.01,0.0
DVA,2024-12-31,12.82,4.22,1.95,0.94,0.0
KEYS,2024-10-31,4.98,3.13,0.83,0.61,0.0
GD,2024-12-31,47.72,7.36,4.8,3.78,0.0
TRMB,2024-12-31,3.68,2.4,0.48,1.5,0.0
BAX,2024-12-31,10.64,3.98,0.44,-0.65,0.0
QCOM,2024-09-30,38.96,21.9,10.07,10.14,0.0
CMS,2024-12-31,7.52,3.21,1.49,1.0,0.0
NOC,2024-12-31,41.03,8.36,4.37,4.17,0.0
GLW,2024-12-31,13.12,4.28,1.14,0.51,0.0
DXCM,2024-12-31,4.03,2.44,0.6,0.58,0.0
RJF,2024-09-30,12.64,,,2.07,0.0
HBAN,2024-12-31,7.38,,,1.94,0.0
FAST,2024-12-31,7.55,3.4,1.51,1.15,0.0
CB,2024-12-31,56.15,,,9.27,0.0
GEHC,2024-12-31,19.67,8.2,2.62,1.99,0.0
COO,2024-10-31,3.9,2.6,0.71,0.39,0.0
CZR,2024-12-31,11.24,5.83,2.28,-0.28,0.0
PFG,2024-12-31,16.13,,,1.57,0.0
WTW,2024-12-31,9.93,4.43,2.14,-0.1,0.0
LKQ,2024-12-31,14.36,5.61,1.33,0.69,0.0
ISRG,2024-12-31,8.35,5.63,2.35,2.32,0.0
AKAM,2024-12-31,3.99,2.37,0.64,0.5,0.0
COF,2024-12-31,39.11,,,4.75,0.0
VTRS,2024-12-31,14.74,5.62,0.39,-0.63,0.0
WSM,2025-01-31,7.71,3.58,1.43,1.13,0.0
IEX,2024-12-31,3.27,1.45,0.69,0.5,0.0
DLR,2024-12-31,5.55,3.04,0.76,0.6,0.0
DELL,2025-01-31,95.57,21.25,6.24,4.59,0.0
EBAY,2024-12-31,10.28,7.4,2.32,1.98,0.0
DGX,2024-12-31,9.87,3.24,1.35,0.87,0.0
STT,2024-12-31,12.92,,,2.69,0.0
PRU,2024-12-31,70.68,,,2.73,0.0
AES,2024-12-31,12.28,2.31,2.03,1.68,0.0
UHS,2024-12-31,15.83,14.24,1.68,1.14,0.0
APD,2024-09-30,12.1,3.93,2.95,3.83,0.0
BF-B,2025-04-30,3.98,2.34,1.17,0.87,0.0
MSFT,2025-06-30,281.72,193.89,128.53,101.83,0.0
AVGO,2024-10-31,51.57,32.51,15.0,5.9,0.0
SBAC,2024-12-31,2.68,2.1,1.57,0.75,0.0
PTC,2024-09-30,2.3,1.85,0.59,0.38,0.0
BSX,2024-12-31,16.75,11.49,3.0,1.85,0.0
O,2024-12-31,5.27,4.89,2.32,0.86,0.0
JKHY,2025-06-30,2.38,1.01,0.57,0.46,0.0
MCK,2025-03-31,359.05,13.32,4.82,3.3,0.0
KDP,2024-12-31,15.35,8.53,3.31,1.44,0.0
ADBE,2024-11-30,21.5,19.15,7.74,5.56,0.0
CTSH,2024-12-31,19.74,6.78,3.03,2.24,0.0
LHX,2024-12-31,21.32,5.52,2.08,1.5,0.0
URI,2024-12-31,15.34,6.15,4.07,2.58,0.0
MKTX,2024-12-31,0.82,0.56,0.34,0.27,0.0
BKR,2024-12-31,27.83,5.84,3.38,2.98,0.0
WAT,2024-12-31,2.96,1.76,0.84,0.64,0.0
LYV,2024-12-31,23.16,5.83,0.81,0.9,0.0
NUE,2024-12-31,30.73,4.1,2.98,2.03,0.0
FI,2024-12-31,20.46,12.44,5.88,3.13,0.0
PNC,2024-12-31,20.81,,,5.89,0.0
COST,2024-08-31,254.45,32.1,9.28,7.37,0.0
CAH,2025-06-30,222.58,8.17,2.32,1.56,0.0
MRNA,2024-12-31,3.2,1.74,-3.94,-3.56,0.0
ERIE,2024-12-31,3.86,,,0.6,0.0
VST,2024-12-31,17.22,7.52,4.08,2.66,0.0
CMG,2024-12-31,11.31,3.02,1.99,1.53,0.0
LRCX,2025-06-30,18.44,8.98,5.9,5.36,0.0
NCLH,2024-12-31,9.48,3.79,1.47,0.91,0.0
MET,2024-12-31,69.94,,,4.43,0.0
REG,2024-12-31,1.45,1.02,0.51,0.4,0.0
PCG,2024-12-31,24.42,9.16,4.55,2.51,0.0
PSKY,2024-12-31,29.21,8.66,1.61,-6.19,0.0
AAPL,2024-09-30,391.04,180.68,123.22,93.74,0.0
LEN,2024-11-30,35.44,5.5,4.85,3.93,0.0
KO,2024-12-31,47.06,28.74,14.02,10.63,0.0
MS,2024-12-31,57.62,,,13.39,0.0
BDX,2024-09-30,20.18,9.12,2.86,1.7,0.0
FTNT,2024-12-31,5.96,4.8,1.8,1.75,0.0
AIZ,2024-12-31,11.88,,,0.76,0.0
ED,2024-12-31,15.26,8.17,2.73,1.82,0.0
GEV,2024-12-31,34.94,6.08,0.47,1.55,0.0
CBRE,2024-12-31,35.77,6.96,1.27,0.97,0.0
DTE,2024-12-31,12.46,4.34,2.2,1.4,0.0
TEL,2024-09-30,15.84,5.46,2.98,3.19,0.0
ALGN,2024-12-31,4.0,2.8,0.67,0.42,0.0
BALL,2024-12-31,11.8,2.44,1.18,4.01,0.0
VRSN,2024-12-31,1.56,1.37,1.06,0.79,0.0
CME,2024-12-31,6.13,5.28,3.93,3.53,0.0
NXPI,2024-12-31,12.61,7.12,3.47,2.51,0.0
PAYX,2025-05-31,5.57,4.03,2.21,1.66,0.0
ABT,2024-12-31,41.95,23.24,6.82,13.4,0.0
EXR,2024-12-31,3.26,2.35,1.4,0.85,0.0
KEY,2024-12-31,4.39,,,-0.16,0.0
PSA,2024-12-31,4.7,3.44,2.2,2.07,0.0
LDOS,2024-12-31,16.66,2.8,1.82,1.25,0.0
RF,2024-12-31,7.08,,,1.89,0.0
AMP,2024-12-31,17.26,,,3.4,0.0
ICE,2024-12-31,11.76,6.52,4.41,2.75,0.0
RVTY,2024-12-31,2.76,1.54,0.35,0.27,0.0
FSLR,2024-12-31,4.21,1.86,1.39,1.29,0.0
AXP,2024-12-31,65.95,,,10.13,0.0
RMD,2025-06-30,5.15,3.05,1.69,1.4,0.0
NFLX,2024-12-31,39.0,17.96,10.42,8.71,0.0
SPGI,2024-12-31,14.21,9.82,5.48,3.85,0.0
ADI,2024-10-31,9.43,5.38,2.07,1.64,0.0
HIG,2024-12-31,26.38,,,3.11,0.0
WDAY,2025-01-31,8.45,6.38,0.5,0.53,0.0
MSCI,2024-12-31,2.86,2.34,1.53,1.11,0.0
EL,2025-06-30,14.33,10.6,1.14,-1.13,0.0
CSX,2024-12-31,14.54,5.34,5.39,3.47,0.0
DOW,2024-12-31,42.96,4.61,1.9,1.12,0.0
GM,2024-12-31,187.44,23.4,12.78,6.01,0.0
WFC,2024-12-31,82.3,,,19.72,0.0
AME,2024-12-31,6.94,2.48,1.78,1.38,0.0
COIN,2024-12-31,6.56,4.91,2.24,2.58,0.0
IT,2024-12-31,6.27,4.24,1.16,1.25,0.0
HUBB,2024-12-31,5.63,1.9,1.09,0.78,0.0
ADSK,2025-01-31,6.13,5.55,1.37,1.11,0.0
DDOG,2024-12-31,2.68,2.17,0.05,0.18,0.0
PANW,2025-07-31,9.22,6.77,1.24,1.13,0.0
TXT,2024-12-31,13.7,2.5,0.86,0.82,0.0
MRK,2024-12-31,64.17,48.98,20.22,17.12,0.0
DE,2024-10-31,50.52,19.5,11.43,7.1,0.0
MCO,2024-12-31,7.09,5.14,2.98,2.06,0.0
YUM,2024-12-31,7.55,3.58,2.4,1.49,0.0
DG,2025-01-31,40.61,12.02,1.71,1.13,0.0
WMB,2024-12-31,10.5,6.17,3.34,2.22,0.0
WST,2024-12-31,2.89,1.0,0.59,0.49,0.0
NVDA,2025-01-31,130.5,97.86,81.45,72.88,0.0
DUK,2024-12-31,30.36,15.2,7.94,4.52,0.0
GOOG,2024-12-31,350.02,203.71,112.39,100.12,0.0
IQV,2024-12-31,15.4,5.38,2.27,1.37,0.0
AMT,2024-12-31,10.13,7.55,4.6,2.26,0.0
CMI,2024-12-31,34.1,8.44,3.38,3.95,0.0
PM,2024-12-31,37.88,24.55,13.4,7.06,0.0
PKG,2024-12-31,8.38,1.78,1.17,0.81,0.0
BA,2024-12-31,66.52,-1.99,-10.82,-11.82,0.0
C,2024-12-31,81.09,,,12.68,0.0
HST,2024-12-31,5.68,3.03,0.77,0.7,0.0
PPL,2024-12-31,8.46,3.39,1.74,0.89,0.0
SHW,2024-12-31,23.1,11.2,3.76,2.68,0.0
TECH,2025-06-30,1.22,0.79,0.24,0.07,0.0
VRSK,2024-12-31,2.88,1.98,1.25,0.96,0.0
TXN,2024-12-31,15.64,9.09,5.34,4.8,0.0
TSCO,2024-12-31,14.88,5.4,1.47,1.1,0.0
IRM,2024-12-31,6.15,3.45,1.21,0.18,0.0
MCHP,2025-03-31,4.4,2.47,0.38,-0.0,0.0
NSC,2024-12-31,12.12,4.54,4.94,2.62,0.0
DASH,2024-12-31,10.72,5.18,-0.04,0.12,0.0
ROK,2024-09-30,8.26,3.19,1.19,0.95,0.0
EIX,2024-12-31,17.6,7.22,2.93,1.55,0.0
UNP,2024-12-31,24.25,11.04,9.71,6.75,0.0
SJM,2025-04-30,8.73,3.38,1.65,-1.23,0.0
CFG,2024-12-31,7.79,,,1.51,0.0
EQIX,2024-12-31,8.75,4.28,1.62,0.82,0.0
INCY,2024-12-31,4.24,3.93,0.1,0.03,0.0
PYPL,2024-12-31,31.8,14.66,5.76,4.15,0.0
BAC,2024-12-31,101.89,,,27.13,0.0
FCX,2024-12-31,25.46,7.66,6.86,1.89,0.0
NDSN,2024-10-31,2.69,1.49,0.67,0.47,0.0
PEG,2024-12-31,10.29,3.54,2.36,1.77,0.0
KIM,2024-12-31,2.04,1.4,0.66,0.41,0.0
BK,2024-12-31,18.26,,,4.53,0.0
OXY,2024-12-31,26.72,9.55,5.59,3.06,0.0
SMCI,2025-06-30,21.97,2.43,1.25,1.05,0.0
VZ,2024-12-31,134.79,80.69,28.69,17.51,0.0
KMX,2025-02-28,26.35,2.9,-0.22,0.5,0.0
FFIV,2024-09-30,2.82,2.26,0.67,0.57,0.0
FOXA,2025-06-30,16.3,,3.23,2.26,0.0
ALB,2024-12-31,5.38,0.06,-0.64,-1.18,0.0
IR,2024-12-31,7.24,3.17,1.45,0.84,0.0
GL,2024-12-31,5.78,,,1.07,0.0
CHD,2024-12-31,6.11,2.79,1.16,0.59,0.0
TSN,2024-09-30,53.31,3.63,1.41,0.8,0.0
BKNG,2024-12-31,23.74,,7.56,5.88,0.0
CHRW,2024-12-31,17.72,1.31,0.67,0.47,0.0
HAL,2024-12-31,22.94,4.3,3.94,2.5,0.0
CI,2024-12-31,244.38,,,3.43,0.0
HCA,2024-12-31,70.6,28.68,10.55,5.76,0.0
MMC,2024-12-31,24.46,10.46,5.82,4.06,0.0
NOW,2024-12-31,10.98,8.7,1.36,1.42,0.0
ITW,2024-12-31,15.9,7.04,4.26,3.49,0.0
GILD,2024-12-31,28.75,22.5,10.5,0.48,0.0
EG,2024-12-31,17.08,,,1.37,0.0
HRL,2024-10-31,11.92,2.02,1.02,0.81,0.0
SWKS,2024-09-30,4.18,1.72,0.79,0.6,0.0
TT,2024-12-31,19.84,7.08,3.5,2.57,0.0
DLTR,2025-01-31,17.58,6.29,1.46,-3.03,0.0
ABNB,2024-12-31,11.1,9.22,2.55,2.65,0.0
DPZ,2024-12-31,4.71,1.85,0.88,0.58,0.0
CTAS,2025-05-31,10.34,5.17,2.36,1.81,0.0
ASML,2024-12-31,28.26,14.49,9.02,7.57,0.0
AWK,2024-12-31,4.68,2.83,1.72,1.05,0.0
BXP,2024-12-31,3.41,2.09,1.02,0.01,0.0
NEM,2024-12-31,18.68,7.14,5.91,3.35,0.0
TROW,2024-12-31,7.09,3.68,2.48,2.1,0.0
MSI,2024-12-31,10.82,5.51,2.69,1.58,0.0
UAL,2024-12-31,57.06,16.49,5.21,3.15,0.0
NTAP,2025-04-30,6.57,4.61,1.42,1.19,0.0
TGT,2025-01-31,106.57,30.06,5.57,4.09,0.0
ARE,2024-12-31,3.05,2.14,0.77,0.32,0.0
JBL,2024-08-31,28.88,2.68,1.44,1.39,0.0
EA,2025-03-31,7.46,5.92,1.58,1.12,0.0
MTB,2024-12-31,9.23,,,2.59,0.0
ORLY,2024-12-31,16.71,8.55,3.25,2.39,0.0
SPG,2024-12-31,5.96,4.92,3.09,2.37,0.0
ZTS,2024-12-31,9.26,6.54,3.39,2.49,0.0
PFE,2024-12-31,63.63,45.78,14.83,8.03,0.0
EFX,2024-12-31,5.68,3.16,1.04,0.6,0.0
DOC,2024-12-31,2.7,1.63,0.47,0.24,0.0
LII,2024-12-31,5.34,1.77,1.04,0.81,0.0
TRGP,2024-12-31,16.38,4.26,2.7,1.31,0.0
ON,2024-12-31,7.08,3.22,1.9,1.57,0.0
IDXX,2024-12-31,3.9,2.38,1.13,0.89,0.0
CMCSA,2024-12-31,123.73,86.7,23.3,16.19,0.0
MHK,2024-12-31,10.84,2.69,0.7,0.52,0.0
TRV,2024-12-31,46.43,,,5.0,0.0
MDT,2025-04-30,33.54,21.9,6.54,4.66,0.0
PLTR,2024-12-31,2.87,2.3,0.31,0.46,0.0
PODD,2024-12-31,2.07,1.45,0.31,0.42,0.0
INTC,2024-12-31,53.1,17.34,-4.71,-18.76,0.0
MLM,2024-12-31,6.54,1.88,2.76,2.0,0.0
APH,2024-12-31,15.22,5.14,3.28,2.42,0.0
ESS,2024-12-31,1.77,1.21,0.53,0.74,0.0
GEN,2025-03-31,3.94,3.16,1.62,0.64,0.0
DAY,2024-12-31,1.76,0.81,0.1,0.02,0.0
AXON,2024-12-31,2.08,1.24,0.06,0.38,0.0
CPAY,2024-12-31,3.97,3.11,1.76,1.0,0.0
GOOGL,2024-12-31,350.02,203.71,112.39,100.12,0.0
ATO,2024-09-30,4.17,2.41,1.36,1.04,0.0
NWS,2025-06-30,8.45,,0.96,1.18,0.0
CEG,2024-12-31,23.57,5.99,4.85,3.75,0.0
TAP,2024-12-31,11.63,4.53,1.82,1.12,0.0
APO,2024-12-31,26.11,24.97,8.3,4.58,0.0
LYB,2024-12-31,40.3,4.56,2.77,1.36,0.0
PH,2025-06-30,19.85,7.32,4.06,3.53,0.0
LIN,2024-12-31,33.01,15.86,8.6,6.56,0.0
POOL,2024-12-31,5.31,1.58,0.62,0.43,0.0
BMY,2024-12-31,48.3,34.33,5.89,-8.95,0.0
FDX,2025-05-31,87.93,19.0,5.99,4.09,0.0
VICI,2024-12-31,3.85,3.82,3.54,2.68,0.0
RCL,2024-12-31,16.48,7.83,4.11,2.88,0.0
IPG,2024-12-31,10.69,1.82,1.43,0.69,0.0
HOLX,2024-09-30,4.03,2.23,0.93,0.79,0.0
KVUE,2024-12-31,15.46,8.96,2.64,1.03,0.0
LOW,2025-01-31,83.67,27.88,10.47,6.96,0.0
NKE,2025-05-31,46.31,19.79,3.7,3.22,0.0
PPG,2024-12-31,15.84,6.59,2.29,1.12,0.0
PGR,2024-12-31,75.34,,,8.48,0.0
CRWD,2025-01-31,3.95,2.96,-0.12,-0.02,0.0
PCAR,2024-12-31,33.66,6.71,4.89,4.16,0.0
MCD,2024-12-31,25.92,14.71,11.85,8.22,0.0
FDS,2025-08-31,,,,,0.0
LNT,2024-12-31,3.98,1.78,0.89,0.69,0.0
ROL,2024-12-31,3.39,1.79,0.66,0.47,0.0
MO,2024-12-31,20.44,14.37,11.63,11.26,0.0
MTCH,2024-12-31,3.48,2.49,0.9,0.55,0.0
TTD,2024-12-31,2.44,1.97,0.43,0.39,0.0
WEC,2024-12-31,8.6,3.79,2.16,1.53,0.0
HPQ,2024-10-31,53.56,11.82,4.2,2.78,0.0
FANG,2024-12-31,11.02,4.97,4.7,3.34,0.0
NVR,2024-12-31,10.54,2.69,1.99,1.68,0.0
LULU,2025-01-31,10.59,6.27,2.51,1.81,0.0
V,2024-09-30,35.93,28.88,24.06,19.74,0.0
HII,2024-12-31,11.54,1.45,0.49,0.55,0.0
DAL,2024-12-31,61.64,16.56,6.0,3.46,0.0
STX,2025-06-30,9.1,3.2,1.92,1.47,0.0
TJX,2025-01-31,56.36,17.25,6.3,4.86,0.0
DHI,2024-09-30,36.8,9.54,5.94,4.76,0.0
AEE,2024-12-31,7.62,3.65,1.52,1.18,0.0
OTIS,2024-12-31,14.26,4.26,2.05,1.64,0.0
STLD,2024-12-31,17.54,2.8,2.11,1.54,0.0
WRB,2024-12-31,13.69,,,1.76,0.0
FOX,2025-06-30,16.3,,3.23,2.26,0.0
GE,2024-12-31,38.7,14.39,6.76,6.56,0.0
MAS,2024-12-31,7.83,2.83,1.36,0.82,0.0
APTV,2024-12-31,19.71,3.71,2.04,1.79,0.0
WY,2024-12-31,7.12,1.31,0.72,0.4,0.0
CL,2024-12-31,20.1,12.16,4.33,2.89,0.0
PLD,2024-12-31,8.2,6.14,3.1,3.73,0.0
WBD,2024-12-31,39.32,16.35,0.02,-11.31,0.0
CRL,2024-12-31,4.05,1.33,0.44,0.01,0.0
MAR,2024-12-31,25.1,5.1,3.84,2.38,0.0
WDC,2025-06-30,9.52,3.69,2.13,1.86,0.0
DD,2024-12-31,12.39,4.51,1.83,0.7,0.0
ALLE,2024-12-31,3.77,1.67,0.78,0.6,0.0
DVN,2024-12-31,15.94,4.71,4.14,2.89,0.0
SCHW,2024-12-31,19.61,,,5.94,0.0
CDNS,2024-12-31,4.64,3.99,1.37,1.06,0.0
ADP,2025-06-30,20.56,9.46,5.41,4.08,0.0
UBER,2024-12-31,43.98,17.33,2.8,9.86,0.0
WYNN,2024-12-31,7.13,3.1,1.36,0.5,0.0
CPB,2025-07-31,10.25,3.12,1.35,0.6,0.0
KHC,2024-12-31,25.85,8.97,5.35,2.74,0.0
ETN,2024-12-31,24.88,9.5,4.63,3.79,0.0
AMAT,2024-10-31,27.18,12.9,7.87,7.18,0.0
MOS,2024-12-31,11.12,1.51,0.62,0.17,0.0
ROST,2025-01-31,21.13,5.87,2.59,2.09,0.0
JCI,2024-09-30,22.95,8.08,2.42,1.7,0.0
ALL,2024-12-31,63.52,,,4.67,0.0
PNR,2024-12-31,4.08,1.6,0.9,0.63,0.0
AVY,2024-12-31,8.76,2.53,1.12,0.7,0.0
WM,2024-12-31,22.06,8.68,4.15,2.75,0.0
VRTX,2024-12-31,11.02,9.49,-0.23,-0.54,0.0
NWSA,2025-06-30,8.45,,0.96,1.18,0.0
HD,2025-01-31,159.51,53.31,21.53,14.81,0.0
SRE,2024-12-31,13.18,6.09,2.96,2.86,0.0
STE,2025-03-31,5.46,2.4,0.96,0.61,0.0
REGN,2024-12-31,14.2,12.23,3.99,4.41,0.0
SWK,2024-12-31,15.37,4.51,1.18,0.29,0.0
BBY,2025-01-31,41.53,9.38,1.73,0.93,0.0
LMT,2024-12-31,71.04,6.93,7.01,5.34,0.0
AFL,2024-12-31,19.13,,,5.44,0.0
CVX,2024-12-31,193.41,56.93,18.92,17.66,0.0
TTWO,2025-03-31,5.63,3.06,-0.74,-4.48,0.0
MPWR,2024-12-31,2.21,1.22,0.54,1.79,0.0
XOM,2024-12-31,339.25,76.74,39.65,33.68,0.0
ECL,2024-12-31,15.74,6.84,2.61,2.11,0.0
FRT,2024-12-31,1.2,0.81,0.42,0.3,0.0
JPM,2024-12-31,169.44,,,58.47,0.0
TDG,2024-09-30,7.94,4.67,3.58,1.71,0.0
BLK,2024-12-31,20.41,10.09,7.54,6.37,0.0
MMM,2024-12-31,24.58,10.13,4.82,4.17,0.0
BR,2025-06-30,6.89,2.14,1.19,0.84,0.0
LUV,2024-12-31,27.48,4.46,0.32,0.46,0.0
CLX,2025-06-30,7.1,3.21,1.18,0.81,0.0
LH,2024-12-31,13.01,3.62,1.14,0.75,0.0
HWM,2024-12-31,7.43,2.03,1.64,1.16,0.0
FITB,2024-12-31,8.25,,,2.31,0.0
VLO,2024-12-31,129.88,4.76,3.76,2.77,0.0
TER,2024-12-31,2.82,1.65,0.55,0.54,0.0
IBM,2024-12-31,62.75,35.55,10.07,6.02,0.0
GNRC,2024-12-31,4.3,1.67,0.54,0.33,0.0
LLY,2024-12-31,45.04,36.62,17.5,10.59,0.0
BRK-B,2024-12-31,424.23,,,89.0,0.0
GWW,2024-12-31,17.17,6.76,2.64,1.91,0.0
MNST,2024-12-31,7.49,4.05,1.93,1.51,0.0
CNP,2024-12-31,8.64,3.98,1.99,1.02,0.0
HUM,2024-12-31,117.76,,,1.21,0.0
CCI,2024-12-31,6.57,4.72,2.28,-3.9,0.0
AJG,2024-12-31,11.55,4.88,2.28,1.46,0.0
BIIB,2024-12-31,9.68,7.37,2.22,1.63,0.0
HPE,2024-10-31,30.13,9.88,2.49,2.58,0.0
VTR,2024-12-31,4.92,2.1,0.68,0.08,0.0
GPC,2024-12-31,23.49,8.52,1.44,0.9,0.0
EVRG,2024-12-31,5.85,3.03,1.47,0.87,0.0
TPL,2024-12-31,0.71,0.63,0.54,0.45,0.0
ZBH,2024-12-31,7.68,5.49,1.53,0.9,0.0
K,2024-12-31,12.75,4.54,1.87,1.34,0.0
AEP,2024-12-31,19.72,12.46,4.45,2.97,0.0
MKC,2024-11-30,6.72,2.59,1.07,0.79,0.0
OMC,2024-12-31,15.69,2.92,2.27,1.48,0.0
HON,2024-12-31,38.5,14.66,7.66,5.7,0.0
EXPE,2024-12-31,13.69,12.25,1.67,1.23,0.0
TFC,2024-12-31,13.28,,,4.82,0.0
MDLZ,2024-12-31,36.44,14.26,6.66,4.61,0.0
PAYC,2024-12-31,1.88,1.55,0.63,0.5,0.0
SBUX,2024-09-30,36.18,9.71,5.11,3.76,0.0
WMT,2025-01-31,680.98,169.23,29.35,19.44,0.0
TYL,2024-12-31,2.14,0.94,0.3,0.26,0.0
AMCR,2025-06-30,15.01,2.83,1.32,0.51,0.0
T,2024-12-31,122.34,73.11,24.12,10.95,0.0
ELV,2024-12-31,176.81,,,5.98,0.0
NEE,2024-12-31,24.75,14.87,7.13,6.95,0.0
EXC,2024-12-31,23.03,9.4,4.31,2.46,0.0
LW,2025-05-31,6.45,1.4,0.77,0.36,0.0
APA,2024-12-31,9.74,4.3,3.2,0.8,0.0
TMO,2024-12-31,42.88,17.7,7.72,6.34,0.0
CARR,2024-12-31,22.49,5.98,2.1,5.6,0.0
WELL,2024-12-31,7.85,3.02,1.15,0.95,0.0
XYL,2024-12-31,8.56,3.21,1.07,0.89,0.0
CINF,2024-12-31,11.34,,,2.29,0.0
AIG,2024-12-31,27.27,,,-1.4,0.0
SYF,2024-12-31,16.12,,,3.5,0.0
NRG,2024-12-31,28.13,6.03,2.28,1.12,0.0
ORCL,2025-05-31,57.4,40.47,18.05,12.44,0.0
CPT,2024-12-31,1.54,0.94,0.3,0.16,0.0
